@article{DBLP:journals/access/FengC21,
  author    = {Yue Feng and
               Yan Cheng},
  title     = {Short Text Sentiment Analysis Based on Multi-Channel {CNN} With Multi-Head
               Attention Mechanism},
  journal   = {{IEEE} Access},
  volume    = {9},
  pages     = {19854--19863},
  year      = {2021},
  url       = {https://doi.org/10.1109/ACCESS.2021.3054521},
  doi       = {10.1109/ACCESS.2021.3054521},
  timestamp = {Thu, 11 Feb 2021 11:53:10 +0100},
  biburl    = {https://dblp.org/rec/journals/access/FengC21.bib},
  bibsource = {dblp computer science bibliography, https://dblp.org}
}